%% This BibTeX bibliography file was created using BibDesk.
%% http://bibdesk.sourceforge.net/

%% Created for Lu WANG at 2018-03-19 15:17:37 -0700 


%% Saved with string encoding Unicode (UTF-8) 

@misc{decimal1,
	Author = {Massey University},
	Date-Added = {2018-03-15 22:38:25 +0000},
	Date-Modified = {2018-03-15 22:39:27 +0000},
	Title = {Decimal Arithmetic}}

@misc{Longdiv,
	Date-Added = {2018-03-09 23:57:08 +0000},
	Date-Modified = {2018-03-10 00:04:00 +0000},
	Month = {Feb},
	Title = {How to do long division},
	Url = {https://www.wikihow.com/Do-Long-Division},
	Year = {2018},
	Bdsk-Url-1 = {https://www.wikihow.com/Do-Long-Division}}

@misc{oetiker2010not,
	Author = {Oetiker, Tobias and Partl, Hubert and Hyna, Irene and Schlegl, Elisabeth},
	Title = {The Not So Short Introduction to {\LaTeXe}},
	Year = {2010}}

@misc{packagewriter,
	Author = {The {\LaTeX} 3 Project},
	Title = {{\LaTeXe} for class and package writers},
	Year = {1999}}

@misc{complete,
	Author = {胡大伟},
	Publisher = {清华大学出版社},
	Title = {{\LaTeXe} 完全学习手册},
	Year = {2011}}

@misc{airthmetic,
	Date-Added = {2018-03-19 22:17:21 +0000},
	Date-Modified = {2018-03-19 22:17:33 +0000}
	Bdsk-Url-1 = {https://mrslewishighland.weebly.com/order-of-operations.html}
	}
	
